@article{king2012ppcoin,
  title={Ppcoin: Peer-to-peer crypto-currency with proof-of-stake},
  author={King, Sunny and Nadal, Scott},
  journal={self-published paper, August},
  volume={19},
  year={2012}
}

@inproceedings{kiayias2017ouroboros,
  title={Ouroboros: A provably secure proof-of-stake blockchain protocol},
  author={Kiayias, Aggelos and Russell, Alexander and David, Bernardo and Oliynykov, Roman},
  booktitle={Annual International Cryptology Conference},
  pages={357--388},
  year={2017},
  organization={Springer}
}

@inproceedings{gilad2017algorand,
  title={Algorand: Scaling byzantine agreements for cryptocurrencies},
  author={Gilad, Yossi and Hemo, Rotem and Micali, Silvio and Vlachos, Georgios and Zeldovich, Nickolai},
  booktitle={Proceedings of the 26th Symposium on Operating Systems Principles},
  pages={51--68},
  year={2017}
}

@inproceedings{kiayias2017ouroboros,
  title={Ouroboros: A provably secure proof-of-stake blockchain protocol},
  author={Kiayias, Aggelos and Russell, Alexander and David, Bernardo and Oliynykov, Roman},
  booktitle={Annual International Cryptology Conference},
  pages={357--388},
  year={2017},
  organization={Springer}
}

@inproceedings{david2018ouroboros,
  title={Ouroboros praos: An adaptively-secure, semi-synchronous proof-of-stake blockchain},
  author={David, Bernardo and Ga{\v{z}}i, Peter and Kiayias, Aggelos and Russell, Alexander},
  booktitle={Annual International Conference on the Theory and Applications of Cryptographic Techniques},
  pages={66--98},
  year={2018},
  organization={Springer}
}

@inproceedings{badertscher2018ouroboros,
  title={Ouroboros genesis: Composable proof-of-stake blockchains with dynamic availability},
  author={Badertscher, Christian and Ga{\v{z}}i, Peter and Kiayias, Aggelos and Russell, Alexander and Zikas, Vassilis},
  booktitle={Proceedings of the 2018 ACM SIGSAC Conference on Computer and Communications Security},
  pages={913--930},
  year={2018}
}

@inproceedings{kerber2019ouroboros,
  title={Ouroboros crypsinous: Privacy-preserving proof-of-stake},
  author={Kerber, Thomas and Kiayias, Aggelos and Kohlweiss, Markulf and Zikas, Vassilis},
  booktitle={2019 IEEE Symposium on Security and Privacy (SP)},
  pages={157--174},
  year={2019},
  organization={IEEE}
}

@inproceedings{ganesh2019proof,
  title={Proof-of-stake protocols for privacy-aware blockchains},
  author={Ganesh, Chaya and Orlandi, Claudio and Tschudi, Daniel},
  booktitle={Annual International Conference on the Theory and Applications of Cryptographic Techniques},
  pages={690--719},
  year={2019},
  organization={Springer}
}

@article{bonehsingle,
  title={Single Secret Leader Election},
  author={Boneh, Dan and Eskandarian, Saba and Hanzlik, Lucjan and Greco, Nicola}
}

@inproceedings{kerber2019ouroboros,
  title={Ouroboros crypsinous: Privacy-preserving proof-of-stake},
  author={Kerber, Thomas and Kiayias, Aggelos and Kohlweiss, Markulf and Zikas, Vassilis},
  booktitle={2019 IEEE Symposium on Security and Privacy (SP)},
  pages={157--174},
  year={2019},
  organization={IEEE}
}